% Word2Vec
@misc{mikolov2013efficient,
      title={Efficient Estimation of Word Representations in Vector Space}, 
      author={Tomas Mikolov and Kai Chen and Greg Corrado and Jeffrey Dean},
      year={2013},
      eprint={1301.3781},
      archivePrefix={arXiv},
      primaryClass={cs.CL}
}

% GloVe
@inproceedings{pennington2014glove,
  author = {Jeffrey Pennington and Richard Socher and Christopher D. Manning},
  booktitle = {Empirical Methods in Natural Language Processing (EMNLP)},
  title = {GloVe: Global Vectors for Word Representation},
  year = {2014},
  pages = {1532--1543},
  url = {http://www.aclweb.org/anthology/D14-1162},
}

% MTEB
@misc{muennighoff2023mteb,
      title={MTEB: Massive Text Embedding Benchmark}, 
      author={Niklas Muennighoff and Nouamane Tazi and Lo√Øc Magne and Nils Reimers},
      year={2023},
      eprint={2210.07316},
      archivePrefix={arXiv},
      primaryClass={cs.CL}
}